<record><leader>00000cas a2200000 a 4500</leader><controlfield tag="001">23026459</controlfield><controlfield tag="008">910129d18791880iluwr ne      0   a0eng c</controlfield><datafield ind1=" " ind2=" " tag="010"><subfield code="a">sn 90054765 </subfield></datafield><datafield ind1=" " ind2=" " tag="040"><subfield code="a">NVF</subfield><subfield code="b">eng</subfield><subfield code="c">NVF</subfield><subfield code="d">OCLCQ</subfield><subfield code="d">NVF</subfield><subfield code="d">OCLCQ</subfield><subfield code="d">OCLCF</subfield><subfield code="d">OCLCO</subfield><subfield code="d">NVF</subfield><subfield code="d">OCLCO</subfield></datafield><datafield ind1="1" ind2=" " tag="029"><subfield code="a">AU@</subfield><subfield code="b">000025864351</subfield></datafield><datafield ind1=" " ind2=" " tag="042"><subfield code="a">pcc</subfield></datafield><datafield ind1=" " ind2=" " tag="043"><subfield code="a">n-us-il</subfield></datafield><datafield ind1="0" ind2="0" tag="245"><subfield code="a">Macoupin County herald.</subfield></datafield><datafield ind1=" " ind2=" " tag="260"><subfield code="a">Carlinville, Ill. :</subfield><subfield code="b">L.C. Glessner,</subfield><subfield code="c">1879-1880.</subfield></datafield><datafield ind1=" " ind2=" " tag="300"><subfield code="a">v.</subfield></datafield><datafield ind1=" " ind2=" " tag="310"><subfield code="a">Weekly</subfield></datafield><datafield ind1="0" ind2=" " tag="362"><subfield code="a">Vol. 1, no. 1 (Mar. 1, 1879)-</subfield></datafield><datafield ind1="1" ind2=" " tag="362"><subfield code="a">Ceased in 1880.</subfield></datafield><datafield ind1=" " ind2=" " tag="580"><subfield code="a">Merged with: Macoupin enquirer, to form: Macoupin County enquirer.</subfield></datafield><datafield ind1=" " ind2=" " tag="588"><subfield code="a">Latest issue consulted: Dec. 26, 1879.</subfield></datafield><datafield ind1=" " ind2="0" tag="651"><subfield code="a">Macoupin County (Ill.)</subfield><subfield code="v">Newspapers.</subfield></datafield><datafield ind1=" " ind2="7" tag="655"><subfield code="a">Newspapers.</subfield><subfield code="2">fast</subfield><subfield code="0">(OCoLC)fst01423814</subfield></datafield><datafield ind1=" " ind2=" " tag="752"><subfield code="a">United States</subfield><subfield code="b">Illinois</subfield><subfield code="c">Macoupin</subfield><subfield code="d">Carlinville.</subfield></datafield><datafield ind1="1" ind2="7" tag="785"><subfield code="t">Macoupin enquirer</subfield><subfield code="w">(DLC)sn 85033433</subfield><subfield code="w">(OCoLC)11962188</subfield></datafield><datafield ind1="1" ind2="7" tag="785"><subfield code="t">Macoupin County enquirer</subfield><subfield code="w">(DLC)sn 87056868</subfield><subfield code="w">(OCoLC)17109005</subfield></datafield></record>